@Misc{LSE-40,
    author = "{Ivezi\'{c}}, \v{Z}eljko and {Jones}, Lynne and {Lupton}, Robert",
    title = "{Photon Rates and SNR Calculations}",
    year = "2010",
    month = "May",
    publisher = "Vera C. Rubin Observatory",
    url = "https://ls.st/LSE-40",
    note = "Vera C. Rubin Observatory LSE-40",
    handle = "LSE-40"
}

@ARTICLE{Rykoff:2015,
       author = {{Rykoff}, E.~S. and {Rozo}, E. and {Keisler}, R.},
        title = "{Assessing Galaxy Limiting Magnitudes in Large Optical Surveys}",
      journal = {arXiv e-prints},
     keywords = {Astrophysics - Instrumentation and Methods for Astrophysics, Astrophysics - Astrophysics of Galaxies},
         year = 2015,
        month = sep,
          eid = {arXiv:1509.00870},
        pages = {arXiv:1509.00870},
          doi = {10.48550/arXiv.1509.00870},
archivePrefix = {arXiv},
       eprint = {1509.00870},
 primaryClass = {astro-ph.IM},
       adsurl = {https://ui.adsabs.harvard.edu/abs/2015arXiv150900870R},
      adsnote = {Provided by the SAO/NASA Astrophysics Data System}
}

@ARTICLE{Pogson:1856,
       author = {{Pogson}, Norman},
        title = "{Magnitudes of Thirty-six of the Minor Planets for the first day of each month of the year 1857}",
      journal = {\mnras},
         year = 1856,
        month = nov,
       volume = {17},
        pages = {12-15},
          doi = {10.1093/mnras/17.1.12},
       adsurl = {https://ui.adsabs.harvard.edu/abs/1856MNRAS..17...12P},
      adsnote = {Provided by the SAO/NASA Astrophysics Data System}
}

@TECHREPORT{Neilsen:2016,
     author = {Neilsen, Eric and Bernstein, Gary and Gruendl, Robert and Kent, Steve},
      title = {``Limiting magnitude, $\tau$, $T_{eff}$, and image quality in DES Year 1''},
     number = {FERMILAB-TM-2610-AE-CD},
       year = {2016},
        doi = {10.2172/1250877},
        url = {https://www.osti.gov/biblio/1250877},
institution = {Fermi National Accelerator Laboratory},
  publisher = {Fermi National Accelerator Laboratory}
}

@ARTICLE{DES-DR2,
       author = {{DES Collaboration}},
        title = "{The Dark Energy Survey Data Release 2}",
      journal = {\apjs},
     keywords = {Dark energy, Cosmology, Extragalactic astronomy, Surveys, Redshift surveys, Optical astronomy, Near infrared astronomy, Astrophysics - Instrumentation and Methods for Astrophysics, Astrophysics - Cosmology and Nongalactic Astrophysics, Astrophysics - Astrophysics of Galaxies, Astrophysics - Solar and Stellar Astrophysics},
         year = 2021,
        month = aug,
       volume = {255},
       number = {2},
          eid = {20},
        pages = {20},
          doi = {10.3847/1538-4365/ac00b3},
archivePrefix = {arXiv},
       eprint = {2101.05765},
 primaryClass = {astro-ph.IM},
       adsurl = {https://ui.adsabs.harvard.edu/abs/2021ApJS..255...20A},
      adsnote = {Provided by the SAO/NASA Astrophysics Data System}
}

@ARTICLE{Eckert:2020,
       author = {{Eckert}, K. and {Bernstein}, G.~M. and {Amara}, A. and {Amon}, A. and {Choi}, A. and {Everett}, S. and {Gruen}, D. and {Gruendl}, R.~A. and {Huff}, E.~M. and {Kuropatkin}, N. and {Roodman}, A. and {Sheldon}, E. and {Yanny}, B. and {Zhang}, Y. and {Abbott}, T.~M.~C. and {Aguena}, M. and {Avila}, S. and {Bechtol}, K. and {Brooks}, D. and {Burke}, D.~L. and {Carnero Rosell}, A. and {Carrasco Kind}, M. and {Carretero}, J. and {Costanzi}, M. and {da Costa}, L.~N. and {De Vicente}, J. and {Desai}, S. and {Diehl}, H.~T. and {Dietrich}, J.~P. and {Eifler}, T.~F. and {Evrard}, A.~E. and {Flaugher}, B. and {Frieman}, J. and {Garc{\'\i}a-Bellido}, J. and {Gaztanaga}, E. and {Gschwend}, J. and {Gutierrez}, G. and {Hartley}, W.~G. and {Hollowood}, D.~L. and {Honscheid}, K. and {James}, D.~J. and {Kron}, R. and {Kuehn}, K. and {Maia}, M.~A.~G. and {Marshall}, J.~L. and {Melchior}, P. and {Menanteau}, F. and {Miquel}, R. and {Ogando}, R.~L.~C. and {Palmese}, A. and {Paz-Chinch{\'o}n}, F. and {Plazas}, A.~A. and {Romer}, A.~K. and {Sanchez}, E. and {Scarpine}, V. and {Serrano}, S. and {Sevilla-Noarbe}, I. and {Smith}, M. and {Soares-Santos}, M. and {Suchyta}, E. and {Swanson}, M.~E.~C. and {Tarle}, G. and {Thomas}, D. and {Varga}, T.~N. and {Walker}, A.~R. and {Wester}, W. and {Wilkinson}, R.~D. and {Zuntz}, J. and {Zuntz}, J. and {(The DES Collaboration)}},
        title = "{Noise from undetected sources in Dark Energy Survey images}",
      journal = {\mnras},
     keywords = {gravitational lensing: weak, techniques: image processing, diffuse radiation, Astrophysics - Instrumentation and Methods for Astrophysics, Astrophysics - Cosmology and Nongalactic Astrophysics},
         year = 2020,
        month = sep,
       volume = {497},
       number = {3},
        pages = {2529-2539},
          doi = {10.1093/mnras/staa2133},
archivePrefix = {arXiv},
       eprint = {2004.05618},
 primaryClass = {astro-ph.IM},
       adsurl = {https://ui.adsabs.harvard.edu/abs/2020MNRAS.497.2529E},
      adsnote = {Provided by the SAO/NASA Astrophysics Data System}
}

